@misc{page:jpf-gsoc18,
  author = {{The Java Pathfinder Project}},
  title = {GSoC 2018 Project Ideas},
  howpublished = {\url{https://github.com/javapathfinder/jpf-core/wiki/GSoC-2018-Project-Ideas#upgrading-the-build-system-from-ant-to-sbt}}
}

@misc{page:ant,
  title = {{The Apache Ant project}},
  howpublished = {\url{https://ant.apache.org/}}
}

@misc{page:ivy,
  author = {{Apache Ivy: The agile dependency manager}},
  howpublished = {\url{https://ant.apache.org/ivy/}}
}

@misc{page:gradle,
  author = {{Gradle Build Tool}},
  howpublished = {\url{https://gradle.org/}}
}

@misc{page:maven,
  author = {{The Apache Maven project}},
  howpublished = {\url{https://maven.apache.org/}}
}

@misc{page:sbt,
  author = {{SBT: the interactive build tool}},
  howpublished = {\url{https://www.scala-sbt.org/}}
}
