@misc{page:gradle-labs,
  author = {Jeanderson Candido},
  title = {{Gradle Labs}},
  howpublished = {\url{https://github.com/jeandersonbc/gradle-labs}}
}

@misc{page:travis,
  title = {{Travis CI - Test and Deploy with Confidence}},
  howpublished = {\url{https://travis-ci.com/}}
}

@misc{page:gradle-daemon,
  author = {{Gradle User Manual}},
  title = {{The Gradle Daemon}},
  howpublished = {\url{https://docs.gradle.org/current/userguide/gradle_daemon.html}}
}

@misc{page:gradle-ant-support,
  author = {{Gradle User Manual}},
  title = {{Using Ant from Gradle}},
  howpublished = {\url{https://docs.gradle.org/current/userguide/ant.html}}
}


@misc{page:gradle-wrapper,
  author = {{Gradle User Manual}},
  title = {{The Gradle Wrapper}},
  howpublished = {\url{https://docs.gradle.org/current/userguide/gradle_wrapper.html}}
}

@misc{page:sbt-release,
  author = {{SBT}},
  title = {{Official Releases}},
  howpublished = {\url{https://github.com/sbt/sbt/releases/}}
}

@misc{page:jpf-gsoc18,
  author = {{The Java PathFinder Project}},
  title = {{GSoC 2018 Project Ideas}},
  howpublished = {\url{http://goo.gl/PAVibm}}
}

@misc{page:ant,
  title = {{The Apache Ant project}},
  howpublished = {\url{https://ant.apache.org/}}
}

@misc{page:mvnrepo,
  title = {{MVN Repository}},
  howpublished = {\url{https://mvnrepository.com/}}
}

@misc{page:mvncentral,
  title = {{The Central Repository}},
  howpublished = {\url{https://search.maven.org/}}
}

@misc{page:ivy,
  author = {{Apache Ivy: The agile dependency manager}},
  howpublished = {\url{https://ant.apache.org/ivy/}}
}

@misc{page:gradle,
  author = {{Gradle Build Tool}},
  howpublished = {\url{https://gradle.org/}}
}

@misc{page:maven,
  author = {{The Apache Maven project}},
  howpublished = {\url{https://maven.apache.org/}}
}

@misc{page:sbt,
  author = {{SBT: the interactive build tool}},
  howpublished = {\url{https://www.scala-sbt.org/}}
}
